<record><leader>00000cas a22000007a 4500</leader><controlfield tag="001">11457594</controlfield><controlfield tag="008">841205d18311834vauwr ne      0    0eng d</controlfield><datafield ind1=" " ind2=" " tag="010"><subfield code="a">sn 84038703 </subfield></datafield><datafield ind1=" " ind2=" " tag="040"><subfield code="a">NPX</subfield><subfield code="b">eng</subfield><subfield code="c">NPX</subfield><subfield code="d">DLC</subfield><subfield code="d">CNW</subfield><subfield code="d">NVK</subfield><subfield code="d">OCL</subfield><subfield code="d">NVK</subfield><subfield code="d">OCLCF</subfield><subfield code="d">OCLCO</subfield></datafield><datafield ind1=" " ind2=" " tag="042"><subfield code="a">msc</subfield></datafield><datafield ind1="0" ind2="0" tag="050"><subfield code="a">Newspaper 10028-X</subfield></datafield><datafield ind1="0" ind2=" " tag="130"><subfield code="a">Virginia Republican (Abingdon, Va. : 1831)</subfield></datafield><datafield ind1="0" ind2="0" tag="245"><subfield code="a">Virginia Republican.</subfield></datafield><datafield ind1=" " ind2=" " tag="260"><subfield code="a">Abingdon, Va. :</subfield><subfield code="b">James Alexander,</subfield><subfield code="c">1831-</subfield></datafield><datafield ind1=" " ind2=" " tag="300"><subfield code="a">v.</subfield></datafield><datafield ind1=" " ind2=" " tag="310"><subfield code="a">Weekly</subfield></datafield><datafield ind1="0" ind2=" " tag="362"><subfield code="a">Vol. 1, no. 1 (Mar. 5, 1831)-</subfield></datafield><datafield ind1="1" ind2=" " tag="362"><subfield code="a">Ceased with July 28, 1834 issue.</subfield><subfield code="z">Cf. NIM, 1948-1983.</subfield></datafield><datafield ind1=" " ind2=" " tag="500"><subfield code="a">"Democratic". Cf. Cappon, L.J.  Va. newspapers.</subfield></datafield><datafield ind1=" " ind2=" " tag="530"><subfield code="a">Also available on microfilm from the University of Virginia.</subfield></datafield><datafield ind1=" " ind2="0" tag="651"><subfield code="a">Abingdon (Va.)</subfield><subfield code="v">Newspapers.</subfield></datafield><datafield ind1=" " ind2="7" tag="655"><subfield code="a">Newspapers.</subfield><subfield code="2">fast</subfield><subfield code="0">(OCoLC)fst01423814</subfield></datafield><datafield ind1=" " ind2="7" tag="651"><subfield code="a">Virginia</subfield><subfield code="z">Abingdon.</subfield><subfield code="2">fast</subfield><subfield code="0">(OCoLC)fst01216144</subfield></datafield><datafield ind1=" " ind2=" " tag="752"><subfield code="a">United States</subfield><subfield code="b">Virginia</subfield><subfield code="c">Washington</subfield><subfield code="d">Abingdon.</subfield></datafield><datafield ind1="0" ind2="0" tag="785"><subfield code="t">Times (Abingdon, Va.)</subfield><subfield code="w">(DLC)sn 86071519</subfield></datafield></record>